%% This BibTeX bibliography file was created using BibDesk.
%% http://bibdesk.sourceforge.net/

%% Created for Matthew Green at 2018-04-12 16:55:53 +0100 


%% Saved with string encoding Unicode (UTF-8) 



@article{barrett2012ncbi,
	Author = {Barrett, Tanya and Wilhite, Stephen E and Ledoux, Pierre and Evangelista, Carlos and Kim, Irene F and Tomashevsky, Maxim and Marshall, Kimberly A and Phillippy, Katherine H and Sherman, Patti M and Holko, Michelle and others},
	Date-Added = {2018-04-12 15:44:29 +0000},
	Date-Modified = {2018-04-12 15:44:29 +0000},
	Journal = {Nucleic acids research},
	Number = {D1},
	Pages = {D991--D995},
	Publisher = {Oxford University Press},
	Title = {NCBI GEO: archive for functional genomics data sets{\'o}update},
	Volume = {41},
	Year = {2012}}

@article{edgar2002gene,
	Author = {Edgar, Ron and Domrachev, Michael and Lash, Alex E},
	Date-Added = {2018-04-12 15:44:04 +0000},
	Date-Modified = {2018-04-12 15:44:04 +0000},
	Journal = {Nucleic acids research},
	Number = {1},
	Pages = {207--210},
	Publisher = {Oxford University Press},
	Title = {Gene Expression Omnibus: NCBI gene expression and hybridization array data repository},
	Volume = {30},
	Year = {2002}}

@article{brazma2001minimum,
	Author = {Brazma, Alvis and Hingamp, Pascal and Quackenbush, John and Sherlock, Gavin and Spellman, Paul and Stoeckert, Chris and Aach, John and Ansorge, Wilhelm and Ball, Catherine A and Causton, Helen C and others},
	Date-Added = {2018-04-11 15:43:30 +0000},
	Date-Modified = {2018-04-11 15:43:30 +0000},
	Journal = {Nature genetics},
	Number = {4},
	Pages = {365},
	Publisher = {Nature Publishing Group},
	Title = {Minimum information about a microarray experiment (MIAME){\'o}toward standards for microarray data},
	Volume = {29},
	Year = {2001}}

@article{gostev2011biosample,
	Author = {Gostev, Mikhail and Faulconbridge, Adam and Brandizi, Marco and Fernandez-Banet, Julio and Sarkans, Ugis and Brazma, Alvis and Parkinson, Helen},
	Date-Added = {2018-04-11 13:11:17 +0000},
	Date-Modified = {2018-04-11 13:11:17 +0000},
	Journal = {Nucleic acids research},
	Number = {D1},
	Pages = {D64--D70},
	Publisher = {Oxford University Press},
	Title = {The BioSample database (BioSD) at the european bioinformatics institute},
	Volume = {40},
	Year = {2011}}

@article{wilkinson2016fair,
	Author = {Wilkinson, Mark D and Dumontier, Michel and Aalbersberg, IJsbrand Jan and Appleton, Gabrielle and Axton, Myles and Baak, Arie and Blomberg, Niklas and Boiten, Jan-Willem and da Silva Santos, Luiz Bonino and Bourne, Philip E and others},
	Date-Added = {2018-04-10 15:54:12 +0000},
	Date-Modified = {2018-04-10 15:54:12 +0000},
	Journal = {Scientific data},
	Publisher = {Nature Publishing Group},
	Title = {The FAIR Guiding Principles for scientific data management and stewardship},
	Volume = {3},
	Year = {2016}}

@article{winnenburg2008facts,
	Author = {Winnenburg, Rainer and W{\"a}chter, Thomas and Plake, Conrad and Doms, Andreas and Schroeder, Michael},
	Date-Added = {2018-04-10 15:54:12 +0000},
	Date-Modified = {2018-04-10 15:54:12 +0000},
	Journal = {Briefings in bioinformatics},
	Number = {6},
	Pages = {466--478},
	Publisher = {Oxford University Press},
	Title = {Facts from text: can text mining help to scale-up high-quality manual curation of gene products with ontologies?},
	Volume = {9},
	Year = {2008}}

@article{salgado2012myminer,
	Author = {Salgado, David and Krallinger, Martin and Depaule, Marc and Drula, Elodie and Tendulkar, Ashish V and Leitner, Florian and Valencia, Alfonso and Marcelle, Christophe},
	Date-Added = {2018-04-10 15:54:12 +0000},
	Date-Modified = {2018-04-10 15:54:12 +0000},
	Journal = {Bioinformatics},
	Number = {17},
	Pages = {2285--2287},
	Publisher = {Oxford University Press},
	Title = {MyMiner: a web application for computer-assisted biocuration and text annotation},
	Volume = {28},
	Year = {2012}}

@article{szostak2015construction,
	Author = {Szostak, Justyna and Ansari, Sam and Madan, Sumit and Fluck, Juliane and Talikka, Marja and Iskandar, Anita and De Leon, Hector and Hofmann-Apitius, Martin and Peitsch, Manuel C and Hoeng, Julia},
	Date-Added = {2018-04-10 15:54:12 +0000},
	Date-Modified = {2018-04-10 15:54:12 +0000},
	Journal = {Database},
	Publisher = {Oxford University Press},
	Title = {Construction of biological networks from unstructured information based on a semi-automated curation workflow},
	Volume = {2015},
	Year = {2015}}

@article{freudenberg2009clean,
	Author = {Freudenberg, Johannes M and Joshi, Vineet K and Hu, Zhen and Medvedovic, Mario},
	Date-Added = {2018-04-10 15:54:12 +0000},
	Date-Modified = {2018-04-10 15:54:12 +0000},
	Journal = {BMC bioinformatics},
	Number = {1},
	Pages = {234},
	Publisher = {BioMed Central},
	Title = {Clean: Clustering enrichment analysis},
	Volume = {10},
	Year = {2009}}

@article{salimi2006biocurator,
	Author = {Salimi, Nima and Vita, Randi},
	Date-Added = {2018-04-10 15:54:12 +0000},
	Date-Modified = {2018-04-10 15:54:12 +0000},
	Journal = {PLoS computational biology},
	Number = {10},
	Pages = {e125},
	Publisher = {Public Library of Science},
	Title = {The biocurator: connecting and enhancing scientific data},
	Volume = {2},
	Year = {2006}}

@article{goble2008data,
	Author = {Goble, Carole and Stevens, Robert and Hull, Duncan and Wolstencroft, Katy and Lopez, Rodrigo},
	Date-Added = {2018-04-10 15:54:12 +0000},
	Date-Modified = {2018-04-10 15:54:12 +0000},
	Journal = {Briefings in bioinformatics},
	Number = {6},
	Pages = {506--517},
	Publisher = {Oxford University Press},
	Title = {Data curation+ process curation= data integration+ science},
	Volume = {9},
	Year = {2008}}

@article{altman2008text,
	Author = {Altman, Russ B and Bergman, Casey M and Blake, Judith and Blaschke, Christian and Cohen, Aaron and Gannon, Frank and Grivell, Les and Hahn, Udo and Hersh, William and Hirschman, Lynette and others},
	Date-Added = {2018-04-10 15:54:12 +0000},
	Date-Modified = {2018-04-10 15:54:12 +0000},
	Journal = {Genome biology},
	Number = {2},
	Pages = {S7},
	Publisher = {BioMed Central},
	Title = {Text mining for biology-the way forward: opinions from leading scientists},
	Volume = {9},
	Year = {2008}}

@inproceedings{topaloglou2004biological,
	Author = {Topaloglou, Thodoros and Davidson, Susan B and Jagadish, HV and Markowitz, Victor M and Steeg, Evan W and Tyers, Mike},
	Booktitle = {Proceedings of the Thirtieth international conference on Very large data bases-Volume 30},
	Date-Added = {2018-04-10 15:54:12 +0000},
	Date-Modified = {2018-04-10 15:54:12 +0000},
	Organization = {VLDB Endowment},
	Pages = {1233--1236},
	Title = {Biological data management: Research, practice and opportunities},
	Year = {2004}}

@article{gonccalves2017metadata,
	Author = {Gon{\c{c}}alves, Rafael S and O'Connor, Martin J and Mart{\'\i}nez-Romero, Marcos and Graybeal, John and Musen, Mark A},
	Date-Added = {2018-04-10 15:54:12 +0000},
	Date-Modified = {2018-04-10 15:54:12 +0000},
	Journal = {arXiv preprint arXiv:1708.01286},
	Title = {Metadata in the BioSample Online Repository are Impaired by Numerous Anomalies},
	Year = {2017}}

@article{panahiazar2017predicting,
	Author = {Panahiazar, Maryam and Dumontier, Michel and Gevaert, Olivier},
	Date-Added = {2018-04-10 15:54:12 +0000},
	Date-Modified = {2018-04-10 15:54:12 +0000},
	Journal = {Journal of biomedical informatics},
	Pages = {132--139},
	Publisher = {Elsevier},
	Title = {Predicting biomedical metadata in CEDAR: A study of Gene Expression Omnibus (GEO)},
	Volume = {72},
	Year = {2017}}

@article{faulconbridge2013updates,
	Author = {Faulconbridge, Adam and Burdett, Tony and Brandizi, Marco and Gostev, Mikhail and Pereira, Rui and Vasant, Drashtti and Sarkans, Ugis and Brazma, Alvis and Parkinson, Helen},
	Date-Added = {2018-04-10 13:15:14 +0000},
	Date-Modified = {2018-04-10 13:15:14 +0000},
	Journal = {Nucleic acids research},
	Number = {D1},
	Pages = {D50--D52},
	Publisher = {Oxford University Press},
	Title = {Updates to BioSamples database at european bioinformatics institute},
	Volume = {42},
	Year = {2013}}

@article{hu2017cleaning,
	Author = {Hu, Wei and Zaveri, Amrapali and Qiu, Honglei and Dumontier, Michel},
	Date-Added = {2018-04-10 12:53:05 +0000},
	Date-Modified = {2018-04-10 12:53:05 +0000},
	Journal = {BMC bioinformatics},
	Number = {1},
	Pages = {415},
	Publisher = {BioMed Central},
	Title = {Cleaning by clustering: methodology for addressing data quality issues in biomedical metadata},
	Volume = {18},
	Year = {2017}}
